<?xml version="1.0" encoding="UTF-8"?><collection xmlns="http://www.loc.gov/MARC21/slim"><record><leader>00594nam--2200181-i-4500</leader><controlfield tag="001">000048069</controlfield><controlfield tag="002">20161230</controlfield><controlfield tag="005">20161230201046</controlfield><controlfield tag="008">060222s1000------------r-----000-0-fre-d</controlfield><datafield ind1=" " ind2=" " tag="040"><subfield code="a">IFIN-HH</subfield></datafield><datafield ind1=" " ind2=" " tag="041"><subfield code="a">fre</subfield></datafield><datafield ind1=" " ind2=" " tag="080"><subfield code="a">539.125.4(043)</subfield></datafield><datafield ind1="1" ind2=" " tag="100"><subfield code="a">Khantine-langlois, Francoise</subfield></datafield><datafield ind1="1" ind2="0" tag="245"><subfield code="a">Mesure de la polarisation dans les reactions pp-pp et pp-pp, des sections efficaces differentielles elastiques pp, pp,+k+ a 45 et 40 gev/c</subfield><subfield code="b">These</subfield><subfield code="c">Francoise khantine-langlois</subfield></datafield><datafield ind1=" " ind2=" " tag="260"><subfield code="a">Paris</subfield><subfield code="b">Universite</subfield><subfield code="c">1978</subfield></datafield><datafield ind1=" " ind2=" " tag="300"><subfield code="a">112P.+33P</subfield></datafield><datafield ind1=" " ind2=" " tag="852"><subfield code="a">49652</subfield><subfield code="c">539.12</subfield></datafield><datafield ind1=" " ind2=" " tag="CAT"><subfield code="a">Sys</subfield><subfield code="c">20111208</subfield><subfield code="h">122436</subfield></datafield></record></collection>